
@Misc{DeadCodeAnalyzer,
author =   {LexiFi},
title =    {OCaml Dead Code Analyzer},
howpublished = {\url{https://github.com/LexiFi/dead code analyzer}},
year = {2015--2016}
}

@Misc{ocamllint,
author =   {Cryptosense},
title =    {ocamllint},
howpublished = {\url{https://github.com/cryptosense/ocamllint}},
year = {2015--2016}
}

@Misc{mascot,
author =   {Xavier Clerc},
title =    {Mascot},
howpublished = {\url{http://mascot.x9c.fr/}},
year = {2010--2012}
}

@Misc{coccinelle,
author = {Julia Lawall, Laboratoire d'Informatique de Paris 6},
title = {coccinelle},
howpublished = {\url{http://coccinelle.lip6.fr/}},
year = {2009--2016}
}

@article{ppx,
author  = "Leo White",
title   = "Extensions points for OCaml",
year    = "2013",
}

@Misc{ppx-blog,
author =   {Yaron Minsky},
title =    {"Extension Points, or how OCaml is becoming more like Lisp"},
howpublished = {\url{https://blogs.janestreet.com/extension-points-or-how-ocaml-is-becoming-more-like-lisp/}},
year = {2008}
}

@Misc{ocplib-config,
author =   {OCamlPro},
organization = {OCamlPro},
title =    {ocplib-config},
howpublished = {\url{https://www.typerex.org/ocp-build.html}},
}

@Misc{ocp-autoconf,
author =   {OCamlPro},
organization = {OCamlPro},
title =    {ocp-autoconf},
howpublished = {\url{https://www.typerex.org/ocp-build.html}},
}
